@misc{gcc-optimazation,
  title = {Gentoo GCC Optimazation},
  howpublished = {\url{https://wiki.gentoo.org/wiki/GCC_optimization#-O}},
  note = {Accessed: 01-02-2019},
  author = "Joshua Saddler (nightmorph)"
}

@misc{oberhofer,
  title = {Anwendung raumf√ºllender Kurven und Parallelisierung},
  author = "Peter Oberhofer",
  howpublished = {\url{https://www5.in.tum.de/lehre/seminare/oktal/SS03/ausarbeitungen/oberhofer.pdf}},
  note = {Accessed: 02-02-2019}
}
